% This file was created with JabRef 2.10.
% Encoding: UTF-8


@Article{aho1975efficient,
  Title                    = {Efficient string matching: an aid to bibliographic search},
  Author                   = {Aho, Alfred V and Corasick, Margaret J},
  Journal                  = {Communications of the ACM},
  Year                     = {1975},
  Number                   = {6},
  Pages                    = {333--340},
  Volume                   = {18},

  Publisher                = {ACM}
}

@Article{bailin2001linguistic,
  Title                    = {The linguistic assumptions underlying readability formulae: A critique},
  Author                   = {Bailin, Alan and Grafstein, Ann},
  Journal                  = {Language \& Communication},
  Year                     = {2001},
  Number                   = {3},
  Pages                    = {285--301},
  Volume                   = {21},

  Publisher                = {Pergamon}
}

@Article{callanlanguage,
  Title                    = {A Language Modeling Approach to Predicting Reading Difficulty},
  Author                   = {Callan, Kevyn Collins-Thompson Jamie}
}

@Book{chall1995readability,
  Title                    = {Readability revisited: The new Dale-Chall readability formula},
  Author                   = {Chall, Jeanne Sternlicht},
  Publisher                = {Brookline Books Cambridge, MA},
  Year                     = {1995},
  Volume                   = {118}
}

@InProceedings{collins2004language,
  Title                    = {A Language Modeling Approach to Predicting Reading Difficulty.},
  Author                   = {Collins-Thompson, Kevyn and Callan, James P},
  Booktitle                = {HLT-NAACL},
  Year                     = {2004},
  Pages                    = {193--200}
}

@Article{dale1948formula,
  Title                    = {A formula for predicting readability: Instructions},
  Author                   = {Dale, Edgar and Chall, Jeanne S},
  Journal                  = {Educational research bulletin},
  Year                     = {1948},
  Pages                    = {37--54},

  Publisher                = {JSTOR}
}

@Article{duffy1985readability,
  Title                    = {Readability formulas: What's the use},
  Author                   = {Duffy, Thomas M},
  Journal                  = {Designing usable texts},
  Year                     = {1985},
  Pages                    = {113--143},
  Volume                   = {104},

  Publisher                = {Academic Orlando, FL}
}

@Article{flesch1948new,
  Title                    = {A new readability yardstick.},
  Author                   = {Flesch, Rudolph},
  Journal                  = {Journal of applied psychology},
  Year                     = {1948},
  Number                   = {3},
  Pages                    = {221},
  Volume                   = {32},

  Publisher                = {American Psychological Association}
}

@Article{forney1973viterbi,
  Title                    = {The viterbi algorithm},
  Author                   = {Forney Jr, G David},
  Journal                  = {Proceedings of the IEEE},
  Year                     = {1973},
  Number                   = {3},
  Pages                    = {268--278},
  Volume                   = {61},

  Publisher                = {IEEE}
}

@Article{halevy2009unreasonable,
  Title                    = {The unreasonable effectiveness of data},
  Author                   = {Halevy, Alon and Norvig, Peter and Pereira, Fernando},
  Journal                  = {Intelligent Systems, IEEE},
  Year                     = {2009},
  Number                   = {2},
  Pages                    = {8--12},
  Volume                   = {24},

  Publisher                = {IEEE}
}

@TechReport{kincaid1975derivation,
  Title                    = {Derivation of new readability formulas (automated readability index, fog count and flesch reading ease formula) for navy enlisted personnel},
  Author                   = {Kincaid, J Peter and Fishburne Jr, Robert P and Rogers, Richard L and Chissom, Brad S},
  Institution              = {DTIC Document},
  Year                     = {1975}
}

@InProceedings{koehn2005europarl,
  Title                    = {Europarl: A parallel corpus for statistical machine translation},
  Author                   = {Koehn, Philipp},
  Booktitle                = {MT summit},
  Year                     = {2005},
  Pages                    = {79--86},
  Volume                   = {5}
}

@Article{lively1923method,
  Title                    = {A method for measuring the vocabulary burden of textbooks},
  Author                   = {Lively, Bertha A and Pressey, Sidney L},
  Journal                  = {Educational administration and supervision},
  Year                     = {1923},
  Number                   = {389-398},
  Pages                    = {73},
  Volume                   = {9}
}

@Article{mclaughlin1969smog,
  Title                    = {SMOG grading: A new readability formula},
  Author                   = {McLaughlin, G Harry},
  Journal                  = {Journal of reading},
  Year                     = {1969},
  Number                   = {8},
  Pages                    = {639--646},
  Volume                   = {12},

  Publisher                = {JSTOR}
}

@InCollection{mohri2004weighted,
  Title                    = {Weighted Finite-State Transducer Algorithms. An Overview},
  Author                   = {Mohri, Mehryar},
  Booktitle                = {Formal Languages and Applications},
  Publisher                = {Springer},
  Year                     = {2004},
  Pages                    = {551--563}
}

@Article{myers1988optimal,
  Title                    = {Optimal alignments in linear space},
  Author                   = {Myers, Eugene W and Miller, Webb},
  Journal                  = {Computer applications in the biosciences: CABIOS},
  Year                     = {1988},
  Number                   = {1},
  Pages                    = {11--17},
  Volume                   = {4},

  Publisher                = {Oxford Univ Press}
}

@InProceedings{nelken2008mining,
  Title                    = {Mining Wikipediaâ€™s article revision history for training computational linguistics algorithms},
  Author                   = {Nelken, Rani and Yamangil, Elif},
  Booktitle                = {Proceedings of the AAAI Workshop on Wikipedia and Artificial Intelligence: An Evolving Synergy},
  Year                     = {2008},
  Pages                    = {31--36}
}

@InProceedings{pitler2008revisiting,
  Title                    = {Revisiting readability: A unified framework for predicting text quality},
  Author                   = {Pitler, Emily and Nenkova, Ani},
  Booktitle                = {Proceedings of the Conference on Empirical Methods in Natural Language Processing},
  Year                     = {2008},
  Organization             = {Association for Computational Linguistics},
  Pages                    = {186--195}
}

@Article{schriver2000readability,
  Title                    = {Readability formulas in the new millennium: what's the use?},
  Author                   = {Schriver, Karen A},
  Journal                  = {ACM Journal of Computer Documentation (JCD)},
  Year                     = {2000},
  Number                   = {3},
  Pages                    = {138--140},
  Volume                   = {24},

  Publisher                = {ACM}
}

@InProceedings{schwarm2005reading,
  Title                    = {Reading level assessment using support vector machines and statistical language models},
  Author                   = {Schwarm, Sarah E and Ostendorf, Mari},
  Booktitle                = {Proceedings of the 43rd Annual Meeting on Association for Computational Linguistics},
  Year                     = {2005},
  Organization             = {Association for Computational Linguistics},
  Pages                    = {523--530}
}

@Book{sherman1893analytics,
  Title                    = {Analytics of literature: A manual for the objective study of English prose and poetry},
  Author                   = {Sherman, Lucius Adelno},
  Publisher                = {Ginn},
  Year                     = {1893}
}

@InProceedings{socher2013recursive,
  Title                    = {Recursive deep models for semantic compositionality over a sentiment treebank},
  Author                   = {Socher, Richard and Perelygin, Alex and Wu, Jean Y and Chuang, Jason and Manning, Christopher D and Ng, Andrew Y and Potts, Christopher},
  Booktitle                = {Proceedings of the Conference on Empirical Methods in Natural Language Processing (EMNLP)},
  Year                     = {2013},
  Pages                    = {1631--1642}
}

@Book{thorndike1921teacher,
  Title                    = {The teacher's word book},
  Author                   = {Thorndike, Edward Lee},
  Publisher                = {Teachers College, Columbia University New York},
  Year                     = {1921},
  Volume                   = {134}
}

@Article{thorndike1944teacher,
  Title                    = {The teacher's word book of 30,000 words.},
  Author                   = {Thorndike, Edward Lee and Lorge, Irving},
  Year                     = {1944},

  Publisher                = {Bureau of Publications, Teachers Co}
}

@InProceedings{yatskar2010sake,
  Title                    = {For the sake of simplicity: Unsupervised extraction of lexical simplifications from Wikipedia},
  Author                   = {Yatskar, Mark and Pang, Bo and Danescu-Niculescu-Mizil, Cristian and Lee, Lillian},
  Booktitle                = {Human Language Technologies: The 2010 Annual Conference of the North American Chapter of the Association for Computational Linguistics},
  Year                     = {2010},
  Organization             = {Association for Computational Linguistics},
  Pages                    = {365--368}
}

@InProceedings{zhu-bernhard-gurevych:2010:PAPERS,
  Title                    = {A Monolingual Tree-based Translation Model for Sentence Simplification},
  Author                   = {Zhu, Zhemin and Bernhard, Delphine and Gurevych, Iryna},
  Booktitle                = {Proceedings of the 23rd International Conference on Computational Linguistics (Coling 2010)},
  Year                     = {2010},

  Address                  = {Beijing, China},
  Month                    = {August},
  Pages                    = {1353--1361},
  Publisher                = {Coling 2010 Organizing Committee},

  Url                      = {http://www.aclweb.org/anthology/C10-1152}
}

